<?xml version="1.0" encoding="UTF-8"?><record xmlns="http://www.loc.gov/MARC21/slim" xmlns:cinclude="http://apache.org/cocoon/include/1.0" xmlns:zs="http://www.loc.gov/zing/srw/">
  <leader>00502nz  a2200133n  4500</leader>
  <controlfield tag="001">no 90023525 </controlfield>
  <controlfield tag="003">DLC</controlfield>
  <controlfield tag="005">19901108095741.9</controlfield>
  <controlfield tag="008">901101n| acannaab|          |a aaa     c</controlfield>
  <datafield tag="010" ind1=" " ind2=" ">
    <subfield code="a">no 90023525 </subfield>
  </datafield>
  <datafield tag="040" ind1=" " ind2=" ">
    <subfield code="a">MdU</subfield>
    <subfield code="c">MdU</subfield>
  </datafield>
  <datafield tag="100" ind1="1" ind2="0">
    <subfield code="a">Craufurd, George.</subfield>
    <subfield code="t">Essay on the actual resources for reestablishing the finances of Great Britain.</subfield>
    <subfield code="l">French</subfield>
  </datafield>
  <datafield tag="400" ind1="1" ind2="0">
    <subfield code="a">Craufurd, George.</subfield>
    <subfield code="t">Essai sur les ressources actuelles de la Grande-Bretagne</subfield>
  </datafield>
  <datafield tag="670" ind1=" " ind2=" ">
    <subfield code="a">His Essai sur les ressources actuelles de la Grande-Bretagne, 1785.</subfield>
  </datafield>
</record>